@techreport{clusit2025,
  author={{Associazione Italiana per la Sicurezza Informatica}},
  title={Rapporto Clusit 2025 sulla Sicurezza ICT in Italia},
  institution={Clusit},
  year={2025},
  type={Rapporto annuale},
  month={marzo},
  url={https://clusit.it/rapporto-clusit/},
}

@inproceedings{palmer2001,
  author={Palmer, Gary},
  title={A Road Map for Digital Forensic Research},
  booktitle={First Digital Forensic Research Workshop},
  year={2001},
  pages={27--30}
}

@techreport{cichonski2012,
 author = {Cichonski, Paul and Millar, Tom and Grance, Tim and Scarfone, Karen},
 title = {Computer Security Incident Handling Guide},
 institution = {NIST},
 year = {2012},
 number = {SP 800-61r2},
 url = {https://doi.org/10.6028/NIST.SP.800-61r2}
}

@techreport{kent2006,
 author = {Kent, Karen and Chevalier, Suzanne and Grance, Tim and Dang, Hung},
 title = {Guide to Integrating Forensic Techniques into Incident Response},
 institution = {NIST},
 year = {2006},
 number = {SP 800-86},
 url = {https://doi.org/10.6028/NIST.SP.800-86}
}

@misc{sans2023,
 author = {{SANS Institute}},
 title = {Incident Handler's Handbook},
 year = {2023},
 url = {https://www.sans.org/white-papers/},
}

@techreport{mandiant2023,
 author = {{Mandiant}},
 title = {M-Trends 2023},
 institution = {Mandiant},
 year = {2023},
 url = {https://www.mandiant.com/m-trends/}
}

@book{ligh2014,
 author = {Ligh, Michael Hale and Case, Andrew and Levy, Jamie and Walters, Aaron},
 title = {The Art of Memory Forensics: Detecting Malware and Threats in Windows, Linux, and Mac Memory},
 publisher = {Wiley},
 year = {2014},
 isbn = {978-1118825099}
}

@article{case2017,
 author = {Case, Andrew and Richard III, Golden G.},
 title = {Memory forensics: The path forward},
 journal = {Digital Investigation},
 volume = {20},
 pages = {23--33},
 year = {2017},
 publisher = {Elsevier}
}

@misc{volatility2024,
 author = {{The Volatility Foundation}},
 title = {Volatility 3 - An advanced memory forensics framework},
 year = {2024},
 url = {https://github.com/volatilityfoundation/volatility3},
}

@misc{volweb2024,
 author = {{VolWeb Contributors}},
 title = {VolWeb - Digital Forensic Memory Analysis Platform},
 year = {2024},
 url = {https://github.com/k1nd0ne/VolWeb},
}

@techreport{iso27037,
  author = {{ISO/IEC}},
  title = {ISO/IEC 27037:2012 Information technology — Security techniques — Guidelines for identification, collection, acquisition and preservation of digital evidence},
  institution = {International Organization for Standardization},
  year = {2012},
  number = {27037:2012},
  type = {International Standard},
  url = {https://www.iso.org/standard/44381.html}
}

@techreport{swgde2022,
  author = {{Scientific Working Group on Digital Evidence}},
  title = {SWGDE Best Practices for Acquiring Online and Cloud-Based Content},
  institution = {SWGDE},
  year = {2022},
  version = {1.0},
  url = {https://www.swgde.org/documents/Current%20Documents/},
}

@misc{solarwinds2020,
  author = {CISA},
  title = {Emergency Directive 21-01: Mitigate SolarWinds Orion Code Compromise},
  year = {2020},
  howpublished = {\url{https://www.cisa.gov/news-events/directives/emergency-directive-21-01}},
}

@misc{gdpr2016,
  author = {{European Parliament and Council}},
  title = {Regulation (EU) 2016/679 (General Data Protection Regulation)},
  year = {2016},
  url = {https://eur-lex.europa.eu/legal-content/EN/TXT/?uri=CELEX%3A32016R0679},
}

@misc{nis2_2022,
  author = {{European Parliament and Council}},
  title = {Directive (EU) 2022/2555 on measures for a high common level of cybersecurity across the Union (NIS2 Directive)},
  year = {2022},
  url = {https://eur-lex.europa.eu/legal-content/EN/TXT/?uri=CELEX%3A32022L2555},
}

@misc{dora2022,
  author = {{European Parliament and Council}},
  title = {Regulation (EU) 2022/2554 on digital operational resilience for the financial sector (DORA)},
  year = {2022},
  url = {https://eur-lex.europa.eu/legal-content/EN/TXT/?uri=CELEX%3A32022R2554},
}

@misc{yara2024,
  author = {Victor M. Alvarez},
  title = {YARA - The pattern matching engine for malware researchers},
  year = {2024},
  url = {https://yara.readthedocs.io/},
}

@misc{ccdcoe2025,
  author = {{NATO Cooperative Cyber Defence Centre of Excellence}},
  title = {Locked Shields 2025},
  institution = {NATO CCDCOE},
  year = {2025},
  address = {Tallinn, Estonia},
  url = {https://ccdcoe.org/news/2025/locked-shields-2025-showcased-nations-commitment-to-defending-cyberspace/}
}

@misc{restapi,
  author       = {Fielding, Roy Thomas},
  title        = {Representational State Transfer (REST)},
  year         = {2000},
  howpublished = {\url{https://www.ics.uci.edu/~fielding/pubs/dissertation/rest_arch_style.htm}},
  note         = {Accessed: 2025-07-04}
}
